<record><leader>00000cas a22000007a 4500</leader><controlfield tag="001">26522019</controlfield><controlfield tag="008">920902d18951908nyuwr ne      0    0eng d</controlfield><datafield ind1=" " ind2=" " tag="010"><subfield code="a">sn 92062088 </subfield></datafield><datafield ind1=" " ind2=" " tag="040"><subfield code="a">NYS</subfield><subfield code="b">eng</subfield><subfield code="c">NYS</subfield><subfield code="d">OCL</subfield><subfield code="d">OCLCQ</subfield></datafield><datafield ind1=" " ind2=" " tag="019"><subfield code="a">26521960</subfield></datafield><datafield ind1=" " ind2=" " tag="042"><subfield code="a">msc</subfield></datafield><datafield ind1="0" ind2="4" tag="245"><subfield code="a">The Portville autograph.</subfield></datafield><datafield ind1=" " ind2=" " tag="260"><subfield code="a">Portville, N.Y. :</subfield><subfield code="b">[s.n.]</subfield></datafield><datafield ind1=" " ind2=" " tag="300"><subfield code="a">v.</subfield></datafield><datafield ind1=" " ind2=" " tag="310"><subfield code="a">Weekly</subfield></datafield><datafield ind1="1" ind2=" " tag="362"><subfield code="a">Began in 1895?</subfield><subfield code="z">Cf. Gregory, W. Amer. newspapers.</subfield></datafield><datafield ind1="0" ind2=" " tag="362"><subfield code="a">-v. 24, no. 28 (Mar. 3, 1908).</subfield></datafield><datafield ind1=" " ind2=" " tag="500"><subfield code="a">Publisher: Jas. W. Fairchild, &lt;1907&gt;.</subfield></datafield><datafield ind1=" " ind2=" " tag="588"><subfield code="a">Description based on: Vol. 10, no. 25 (Jan. 2, 1903).</subfield></datafield><datafield ind1=" " ind2="4" tag="651"><subfield code="a">Portville (N.Y.)</subfield><subfield code="v">Newspapers.</subfield></datafield><datafield ind1=" " ind2=" " tag="752"><subfield code="a">United States</subfield><subfield code="b">New York</subfield><subfield code="c">Cattaraugus</subfield><subfield code="d">Portville.</subfield></datafield><datafield ind1="0" ind2="0" tag="785"><subfield code="t">Portville review</subfield><subfield code="w">(DLC)sn 86034918</subfield></datafield></record>